<?xml version="1.0" encoding="UTF-8"?>
<collection xmlns:xsi="http://www.w3.org/2001/XMLSchema-instance" xsi:schemaLocation="http://www.loc.gov/MARC21/slim http://www.loc.gov/standards/marcxml/schema/MARC21slim.xsd" xmlns="http://www.loc.gov/MARC21/slim">
<record>
  <leader>01204cam a2200241Ia 4500</leader>
  <controlfield tag="001">4189818</controlfield>
  <controlfield tag="003">NNC</controlfield>
  <controlfield tag="005">20031217133845.0</controlfield>
  <controlfield tag="008">000330m19541959ua       b    000 0 arard</controlfield>
  <datafield tag="035" ind1=" " ind2=" ">
    <subfield code="a">(OCoLC)ocm43736104</subfield>
  </datafield>
  <datafield tag="035" ind1=" " ind2=" ">
    <subfield code="a">(NNC)4189818</subfield>
  </datafield>
  <datafield tag="040" ind1=" " ind2=" ">
    <subfield code="a">IUL</subfield>
    <subfield code="c">IUL</subfield>
  </datafield>
  <datafield tag="050" ind1=" " ind2="4">
    <subfield code="a">BP144</subfield>
    <subfield code="b">.S226</subfield>
  </datafield>
  <datafield tag="100" ind1="1" ind2=" ">
    <subfield code="a">Sanhūrī, ʻAbd al-Razzāq Aḥmad,</subfield>
    <subfield code="d">1895-1971.</subfield>
  </datafield>
  <datafield tag="245" ind1="1" ind2="0">
    <subfield code="a">Maṣādir al-ḥaqq fī al-fiqh al-Islāmī /</subfield>
    <subfield code="c">alqāhā ʻAbd al-Razzāq al-Sanhūrī.</subfield>
  </datafield>
  <datafield tag="260" ind1=" " ind2=" ">
    <subfield code="a">[Cairo] :</subfield>
    <subfield code="b">Jāmiʻat al-Duwal al-ʻArabīyah, Maʻhad al-Dirāsāt al-ʻArabīyah al-ʻĀliyah,</subfield>
    <subfield code="c">1954-59.</subfield>
  </datafield>
  <datafield tag="300" ind1=" " ind2=" ">
    <subfield code="a">6 v. ;</subfield>
    <subfield code="c">25 cm.</subfield>
  </datafield>
  <datafield tag="490" ind1="1" ind2=" ">
    <subfield code="a">Nashrāt</subfield>
  </datafield>
  <datafield tag="504" ind1=" " ind2=" ">
    <subfield code="a">Includes bibliographical references.</subfield>
  </datafield>
  <datafield tag="505" ind1="0" ind2=" ">
    <subfield code="a">1. Muqaddamah, ṣīghat al-ʻaqd -- 2. Tawāfuq al-irādatayn fī majlis al-ʻaqd. - Ṣiḥḥat al-tarāḍī (al-ghalaṭ, al-tadlīs, al-ikrāh) --3. Maḥall al-ʻaqd -- 4. Naẓarīyat al-sabab wa-naẓarīyat al-buṭlān -- 5. Athar al-ʻaqd bi-al-nisbah ilá al-ashkhāṣ -- 6. Athar al-ʻaqd bi-al-nisbah ilá al-mawḍūʻ, zawāl al-ʻaqd.</subfield>
  </datafield>
  <datafield tag="650" ind1=" " ind2="0">
    <subfield code="a">Islamic law.</subfield>
  </datafield>
  <datafield tag="830" ind1=" " ind2="0">
    <subfield code="a">Nashrāt (Maʻhad al-Dirāsāt al-ʻArabīyah al-ʻĀliyah)</subfield>
  </datafield>
  <datafield tag="955" ind1=" " ind2=" ">
    <subfield code="b">0030146844</subfield>
    <subfield code="d">glx</subfield>
    <subfield code="e">893.799 Sa58</subfield>
    <subfield code="v">pt.2</subfield>
  </datafield>
</record>
</collection>
